% To print out all entries in this bib file:
% \documentstyle{amsart}
% \begin{document}
% \nocite{*}
% \bibliographystyle{amsplain}
% \bibliography{mybibliography}
% \end{document}

@ARTICLE{fortune87:1,
 AUTHOR="Steven Fortune",
 TITLE="A sweepline algorithm for Voronoi diagrams",
 JOURNAL="Springer-Verlag New York Inc. 1987",
 YEAR="1987",
 ISSN="0178-4617",
 DOI="https://doi.org/10.1007/BF01840357",
 PUBLISHER="Springer-Verlag",
 ADDRESS="AT&T Bell Laboratories, Murray Hill,USA",
 }

